<?xml version = "1.0" encoding = "UTF-8"?><OAI-PMH xmlns="http://www.openarchives.org/OAI/2.0/" xmlns:xsi="http://www.w3.org/2001/XMLSchema-instance" xsi:schemaLocation="http://www.openarchives.org/OAI/2.0/ http://www.openarchives.org/OAI/2.0/OAI-PMH.xsd"><ListRecords><record><header><identifier>aleph-publish:020756556</identifier></header><metadata><record xmlns="http://www.ddb.de/professionell/mabxml/mabxml-1.xsd"><leader>00000nM2.01200024------h</leader><controlfield tag="LDR">00000nM2.01200024------h</controlfield><controlfield tag="FMT">MH</controlfield><datafield tag="001" ind1="-" ind2="1"><subfield code="a">HT018611227</subfield></datafield><datafield tag="002" ind1="a" ind2="1"><subfield code="a">20150420</subfield></datafield><datafield tag="003" ind1="-" ind2="1"><subfield code="a">20221031124530</subfield></datafield><datafield tag="020" ind1="a" ind2="1"><subfield code="a">2818430-0</subfield><subfield code="b">DNB</subfield></datafield><datafield tag="025" ind1="z" ind2="1"><subfield code="a">2818430-0</subfield></datafield><datafield tag="025" ind1="a" ind2="1"><subfield code="a">1069776351</subfield></datafield><datafield tag="026" ind1="-" ind2="1"><subfield code="a">ZDB2818430-0</subfield></datafield><controlfield tag="030">a||u|||||||37</controlfield><datafield tag="036" ind1="a" ind2="1"><subfield code="a">XA-DE</subfield></datafield><datafield tag="037" ind1="b" ind2="1"><subfield code="a">ger</subfield></datafield><controlfield tag="050">||||||||g|||||</controlfield><controlfield tag="052">p||||||aa||||||</controlfield><datafield tag="060" ind1="-" ind2="1"><subfield code="b">txt</subfield><subfield code="a">Text</subfield></datafield><datafield tag="061" ind1="-" ind2="1"><subfield code="b">c</subfield><subfield code="a">Computermedien</subfield></datafield><datafield tag="062" ind1="-" ind2="1"><subfield code="b">cr</subfield><subfield code="a">Online-Ressource</subfield></datafield><datafield tag="064" ind1="a" ind2="1"><subfield code="a">Zeitschrift</subfield><subfield code="9">(DE-588)4067488-5</subfield></datafield><datafield tag="070" ind1="-" ind2="1"><subfield code="a">0061</subfield></datafield><datafield tag="070" ind1="a" ind2="1"><subfield code="a">DNB</subfield></datafield><datafield tag="070" ind1="b" ind2="1"><subfield code="a">9001</subfield></datafield><datafield tag="078" ind1="r" ind2="1"><subfield code="a">epfl-61</subfield></datafield><datafield tag="078" ind1="n" ind2="1"><subfield code="a">NWBib-61</subfield></datafield><datafield tag="078" ind1="z" ind2="1"><subfield code="a">lzZDB</subfield></datafield><datafield tag="200" ind1="b" ind2="1"><subfield code="k">Nordrhein-Westfalen</subfield><subfield code="b">Ministerium für Arbeit, Gesundheit und Soziales</subfield><subfield code="4">isb</subfield><subfield code="3">Herausgebendes Organ</subfield><subfield code="9">(DE-588)1014927-2</subfield></datafield><datafield tag="201" ind1="-" ind2="1"><subfield code="k">Ministerium für Arbeit, Gesundheit und Soziales des Landes Nordrhein-Westfalen</subfield></datafield><datafield tag="201" ind1="-" ind2="1"><subfield code="k">Nordrhein-Westfalen</subfield><subfield code="b">Arbeits-, Gesundheits- und Sozialminister</subfield></datafield><datafield tag="201" ind1="-" ind2="1"><subfield code="k">Nordrhein-Westfalen</subfield><subfield code="b">Minister für Arbeit, Gesundheit und Soziales</subfield></datafield><datafield tag="201" ind1="-" ind2="1"><subfield code="k">Nordrhein-Westfalen</subfield><subfield code="b">Hypurgeion Ergasias kai Koinōnikōn Hypēresiōn</subfield></datafield><datafield tag="201" ind1="-" ind2="1"><subfield code="k">Nordrhein-Westfalen</subfield><subfield code="b">Çalişma Sağlık ve Sosyal Işler Bakanlığı</subfield></datafield><datafield tag="201" ind1="-" ind2="1"><subfield code="k">Nordrhein-Westfalen</subfield><subfield code="b">Ministerio de Trabajo, Sanidad y Sociales</subfield></datafield><datafield tag="201" ind1="-" ind2="1"><subfield code="k">Nordrhein-Westfalen</subfield><subfield code="b">Ministarstvo rada, zdravstva i socijalnog</subfield></datafield><datafield tag="201" ind1="-" ind2="1"><subfield code="k">Nordrhein-Westfalen</subfield><subfield code="b">Ministério do Trabalho</subfield></datafield><datafield tag="201" ind1="-" ind2="1"><subfield code="k">Nordrhein-Westfalen</subfield><subfield code="b">Ministero del lavoro, della sanità e degli affari sociali</subfield></datafield><datafield tag="201" ind1="-" ind2="1"><subfield code="k">Nordrhein-Westfalen</subfield><subfield code="b">Ministry of Work, Health and Social Affairs</subfield></datafield><datafield tag="201" ind1="-" ind2="1"><subfield code="k">Nordrhein-Westfalen</subfield><subfield code="b">Ministerul Pentru Muncă, Sănătate şi Asistenţă Aocială</subfield></datafield><datafield tag="201" ind1="-" ind2="1"><subfield code="k">Minister für Arbeit, Gesundheit und Soziales</subfield><subfield code="h">Nordrhein-Westfalen</subfield></datafield><datafield tag="201" ind1="-" ind2="1"><subfield code="k">Minister für Arbeit, Gesundheit und Soziales des Landes Nordrhein-Westfalen</subfield></datafield><datafield tag="201" ind1="-" ind2="1"><subfield code="k">Ministerium für Arbeit, Gesundheit und Soziales</subfield><subfield code="h">Nordrhein-Westfalen</subfield></datafield><datafield tag="201" ind1="-" ind2="1"><subfield code="k">Hypurgeion Ergasias kai Koinōnikōn Hypēresiōn</subfield><subfield code="h">Nordrhein-Westfalen</subfield></datafield><datafield tag="201" ind1="-" ind2="1"><subfield code="k">Çalişma Sağlık ve Sosyal Işler Bakanlığı</subfield><subfield code="h">Nordrhein-Westfalen</subfield></datafield><datafield tag="201" ind1="-" ind2="1"><subfield code="k">Ministerul Pentru Muncă, Sănătate şi Asistenţă Socială al Landului Renania de Nord-Westfalia</subfield></datafield><datafield tag="201" ind1="-" ind2="1"><subfield code="k">Ministry of Work, Health and Social Affairs of the State of North Rhine-Westphalia</subfield></datafield><datafield tag="201" ind1="-" ind2="1"><subfield code="k">Ministerio de Trabajo, Sanidad y Sociales</subfield><subfield code="h">Nordrhein-Westfalen</subfield></datafield><datafield tag="201" ind1="-" ind2="1"><subfield code="k">Ministarstvo rada, zdravstva i socijalnog</subfield><subfield code="h">Nordrhein-Westfalen</subfield></datafield><datafield tag="201" ind1="-" ind2="1"><subfield code="k">Ministério do Trabalho</subfield><subfield code="h">Nordrhein-Westfalen</subfield></datafield><datafield tag="201" ind1="-" ind2="1"><subfield code="k">Ministero del lavoro, della sanità e degli affari sociali</subfield><subfield code="h">Nordrhein-Westfalen</subfield></datafield><datafield tag="201" ind1="-" ind2="1"><subfield code="k">Nordrhein-Westfalen</subfield><subfield code="b">Ministerium für Arbeit, Gesundheit und Soziales</subfield><subfield code="b">Projektgruppe Gefährdungsbeurteilung</subfield></datafield><datafield tag="201" ind1="-" ind2="1"><subfield code="k">Nordrhein-Westfalen</subfield><subfield code="b">Ministerium für Arbeit, Gesundheit und Soziales</subfield><subfield code="b">Arbeitsschutzverwaltung</subfield></datafield><datafield tag="201" ind1="-" ind2="1"><subfield code="k">Nordrhein-Westfalen</subfield><subfield code="b">Ministerium für Arbeit, Gesundheit und Soziales</subfield><subfield code="b">Referat Arbeitsmarktpolitik, Berufsbildung, Forschung</subfield></datafield><datafield tag="201" ind1="-" ind2="1"><subfield code="k">Nordrhein-Westfalen</subfield><subfield code="b">Ministerium für Arbeit, Gesundheit und Soziales</subfield><subfield code="b">Gewerbeaufsicht</subfield></datafield><datafield tag="201" ind1="-" ind2="1"><subfield code="k">Nordrhein-Westfalen</subfield><subfield code="b">Ministerium für Arbeit, Gesundheit und Soziales</subfield><subfield code="b">Gewerbeaufsichtsverwaltung</subfield></datafield><datafield tag="201" ind1="-" ind2="1"><subfield code="k">MAGS</subfield></datafield><datafield tag="201" ind1="-" ind2="1"><subfield code="k">MAGS NRW</subfield></datafield><datafield tag="204" ind1="b" ind2="1"><subfield code="k">Nordrhein-Westfalen</subfield><subfield code="b">Ministerium für Arbeit, Integration und Soziales</subfield><subfield code="4">isb</subfield><subfield code="3">Herausgebendes Organ</subfield><subfield code="9">(DE-588)16082567-2</subfield></datafield><datafield tag="205" ind1="-" ind2="1"><subfield code="k">Ministerium für Arbeit, Integration und Soziales</subfield><subfield code="h">Nordrhein-Westfalen</subfield></datafield><datafield tag="205" ind1="-" ind2="1"><subfield code="k">Ministerium für Arbeit, Integration und Soziales des Landes Nordrhein-Westfalen</subfield></datafield><datafield tag="331" ind1="-" ind2="1"><subfield code="a">Tarifspiegel ...</subfield></datafield><datafield tag="335" ind1="-" ind2="1"><subfield code="a">tarifliche Grundvergütungen bis 10,36 € je Stunde in NRW</subfield></datafield><datafield tag="359" ind1="-" ind2="1"><subfield code="a">Ministerium für Arbeit, Integration und Soziales des Landes Nordrhein-Westfalen</subfield></datafield><datafield tag="375" ind1="e" ind2="1"><subfield code="a">tarifliche Grundvergütungen bis 8,50 € je Stunde in Nordrhein-Westfalen</subfield><subfield code="f">Zusatz 2012 - 2013</subfield></datafield><datafield tag="405" ind1="-" ind2="1"><subfield code="a">2012(2013) -</subfield></datafield><datafield tag="406" ind1="b" ind2="1"><subfield code="j">2012</subfield></datafield><datafield tag="419" ind1="-" ind2="1"><subfield code="a">Düsseldorf</subfield><subfield code="c">2013-</subfield><subfield code="A">3</subfield></datafield><datafield tag="425" ind1="b" ind2="1"><subfield code="a">2013</subfield></datafield><datafield tag="433" ind1="-" ind2="1"><subfield code="a">Online-Ressource</subfield></datafield><datafield tag="552" ind1="b" ind2="1"><subfield code="a">urn:nbn:de:hbz:061:3-44976</subfield></datafield><datafield tag="655" ind1="e" ind2="1"><subfield code="u">https://nbn-resolving.org/urn:nbn:de:hbz:061:3-44976</subfield><subfield code="x">Resolving-System</subfield><subfield code="A">0</subfield></datafield><datafield tag="655" ind1="e" ind2="1"><subfield code="u">https://broschueren.nordrheinwestfalendirekt.de/broschuerenservice/mais</subfield><subfield code="x">Verlag</subfield><subfield code="z">kostenfrei</subfield><subfield code="A">0</subfield></datafield><datafield tag="700" ind1="-" ind2="1"><subfield code="a">330</subfield><subfield code="2">ZDB</subfield></datafield><datafield tag="700" ind1="-" ind2="1"><subfield code="a">360</subfield><subfield code="2">ZDB</subfield></datafield><datafield tag="700" ind1="n" ind2="1"><subfield code="a">Nordrhein-Westfalen</subfield><subfield code="0">https://nwbib.de/spatial#N01</subfield></datafield><datafield tag="700" ind1="n" ind2="1"><subfield code="a">Lohn und Einkommen</subfield><subfield code="0">https://nwbib.de/subjects#N543660</subfield></datafield><datafield tag="780" ind1="-" ind2="1"><subfield code="i">Druckausg. u. Vorg.</subfield><subfield code="t">Tarifspiegel ...</subfield><subfield code="d">Düsseldorf : Ministerium für Arbeit, Gesundheit u. Soziales d. Landes Nordrhein-Westfalen, 2008-</subfield><subfield code="A">0</subfield><subfield code="9">HT015902671</subfield></datafield><datafield tag="902" ind1="-" ind2="1"><subfield code="g">Nordrhein-Westfalen</subfield><subfield code="9">(DE-588)4042570-8</subfield></datafield><datafield tag="902" ind1="-" ind2="1"><subfield code="s">Lohn</subfield><subfield code="9">(DE-588)4036229-2</subfield></datafield><datafield tag="902" ind1="-" ind2="1"><subfield code="f">Online-Publikation</subfield></datafield><datafield tag="904" ind1="a" ind2="1"><subfield code="a">DE-61</subfield><subfield code="a">DE-605</subfield></datafield><controlfield tag="SYS">020756556</controlfield><datafield tag="LOW" ind1="-" ind2="1"><subfield code="a">K0</subfield></datafield><datafield tag="LOW" ind1="-" ind2="1"><subfield code="a">A5</subfield></datafield><datafield tag="LOW" ind1="-" ind2="1"><subfield code="a">B5</subfield></datafield><datafield tag="LOW" ind1="-" ind2="1"><subfield code="a">C5</subfield></datafield><datafield tag="LOW" ind1="-" ind2="1"><subfield code="a">D0</subfield></datafield><datafield tag="LOW" ind1="-" ind2="1"><subfield code="a">E0</subfield></datafield><datafield tag="LOW" ind1="-" ind2="1"><subfield code="a">F0</subfield></datafield><datafield tag="LOW" ind1="-" ind2="1"><subfield code="a">G5</subfield></datafield><datafield tag="LOW" ind1="-" ind2="1"><subfield code="a">H7</subfield></datafield><datafield tag="LOW" ind1="-" ind2="1"><subfield code="a">K0001</subfield></datafield><datafield tag="LOW" ind1="-" ind2="1"><subfield code="a">K7</subfield></datafield><datafield tag="LOW" ind1="-" ind2="1"><subfield code="a">KD</subfield></datafield><datafield tag="LOW" ind1="-" ind2="1"><subfield code="a">KH</subfield></datafield><datafield tag="LOW" ind1="-" ind2="1"><subfield code="a">KM</subfield></datafield><datafield tag="LOW" ind1="-" ind2="1"><subfield code="a">L0</subfield></datafield><datafield tag="LOW" ind1="-" ind2="1"><subfield code="a">L5</subfield></datafield><datafield tag="LOW" ind1="-" ind2="1"><subfield code="a">M0</subfield></datafield><datafield tag="LOW" ind1="-" ind2="1"><subfield code="a">N5</subfield></datafield><datafield tag="LOW" ind1="-" ind2="1"><subfield code="a">P0001</subfield></datafield><datafield tag="LOW" ind1="-" ind2="1"><subfield code="a">R0</subfield></datafield><datafield tag="LOW" ind1="-" ind2="1"><subfield code="a">R1</subfield></datafield><datafield tag="LOW" ind1="-" ind2="1"><subfield code="a">R2</subfield></datafield><datafield tag="LOW" ind1="-" ind2="1"><subfield code="a">R3</subfield></datafield><datafield tag="LOW" ind1="-" ind2="1"><subfield code="a">RL</subfield></datafield><datafield tag="LOW" ind1="-" ind2="1"><subfield code="a">T0011</subfield></datafield><datafield tag="LOW" ind1="-" ind2="1"><subfield code="a">T0012</subfield></datafield><datafield tag="LOW" ind1="-" ind2="1"><subfield code="a">V0</subfield></datafield><datafield tag="LOW" ind1="-" ind2="1"><subfield code="a">X0</subfield></datafield><datafield tag="LOW" ind1="-" ind2="1"><subfield code="a">X5</subfield></datafield><datafield tag="LOW" ind1="-" ind2="1"><subfield code="a">X7</subfield></datafield><datafield tag="GKZ" ind1="-" ind2="1"><subfield code="a">KF</subfield></datafield><datafield tag="GKZ" ind1="-" ind2="1"><subfield code="a">KF</subfield></datafield><datafield tag="952" ind1="-" ind2="1"><subfield code="g">Nord-Westphalie</subfield></datafield><datafield tag="952" ind1="-" ind2="1"><subfield code="g">Norte-Westfalia</subfield></datafield><datafield tag="952" ind1="-" ind2="1"><subfield code="g">NRW</subfield></datafield><datafield tag="952" ind1="-" ind2="1"><subfield code="g">North Rhine-Westphalia</subfield></datafield><datafield tag="952" ind1="-" ind2="1"><subfield code="g">NW</subfield></datafield><datafield tag="952" ind1="-" ind2="1"><subfield code="g">Noordrijn-Westfalen</subfield></datafield><datafield tag="952" ind1="-" ind2="1"><subfield code="g">North-Rhine/Westphalia</subfield></datafield><datafield tag="952" ind1="-" ind2="1"><subfield code="g">Land Nordrhein-Westfalen</subfield></datafield><datafield tag="952" ind1="-" ind2="1"><subfield code="s">Arbeitseinkommen</subfield><subfield code="h">Lohn</subfield></datafield><datafield tag="952" ind1="-" ind2="1"><subfield code="s">Arbeitslohn</subfield></datafield><datafield tag="952" ind1="-" ind2="1"><subfield code="s">Entlohnung</subfield></datafield><datafield tag="LOW" ind1="-" ind2="1"><subfield code="a">A5001</subfield></datafield><datafield tag="LOW" ind1="-" ind2="1"><subfield code="a">N5001</subfield></datafield><datafield tag="LOW" ind1="-" ind2="1"><subfield code="a">L5001</subfield></datafield><datafield tag="088" ind1=" " ind2=" "><subfield code="a">38</subfield></datafield><datafield tag="088" ind1=" " ind2=" "><subfield code="a">466</subfield></datafield><datafield tag="088" ind1=" " ind2=" "><subfield code="a">385</subfield></datafield><datafield tag="088" ind1=" " ind2=" "><subfield code="a">Tr 5</subfield></datafield><datafield tag="088" ind1=" " ind2=" "><subfield code="a">A 96</subfield></datafield><datafield tag="088" ind1=" " ind2=" "><subfield code="a">829</subfield></datafield><datafield tag="088" ind1=" " ind2=" "><subfield code="a">743</subfield></datafield></record></metadata></record></ListRecords></OAI-PMH>